%% This BibTeX bibliography file was created using BibDesk.
%% https://bibdesk.sourceforge.io/

%% Created for Luke Hoberecht at 2022-02-10 10:55:08 -0800 


%% Saved with string encoding Unicode (UTF-8) 

@incollection{gviz,
  title={Visualizing genomic data using Gviz and bioconductor},
  author={Hahne, Florian and Ivanek, Robert},
  booktitle={Statistical genomics},
  pages={335--351},
  year={2016},
  publisher={Springer}
}


@article{pollard2010detection,
  title={Detection of nonneutral substitution rates on mammalian phylogenies},
  author={Pollard, Katherine S and Hubisz, Melissa J and Rosenbloom, Kate R and Siepel, Adam},
  journal={Genome research},
  volume={20},
  number={1},
  pages={110--121},
  year={2010},
  publisher={Cold Spring Harbor Lab}
}



@article{rtracklayer,
  title={rtracklayer: an R package for interfacing with genome browsers},
  author={Lawrence, Michael and Gentleman, Robert and Carey, Vincent},
  journal={Bioinformatics},
  volume={25},
  number={14},
  pages={1841--1842},
  year={2009},
  publisher={Oxford University Press}
}


@article{ruleset3,
  title={Accounting for small variations in the tracrRNA sequence improves sgRNA activity predictions for CRISPR screening},
  author={DeWeirdt, Peter C and McGee, Abby V and Zheng, Fengyi and Nwolah, Ifunanya and Hegde, Mudra and Doench, John G},
  journal={bioRxiv},
  year={2022},
  publisher={Cold Spring Harbor Laboratory}
}


@article{crispro,
  title={CRISPRO: identification of functional protein coding sequences based on genome editing dense mutagenesis},
  author={Schoonenberg, Vivien AC and Cole, Mitchel A and Yao, Qiuming and Macias-Trevi{\~n}o, Claudio and Sher, Falak and Schupp, Patrick G and Canver, Matthew C and Maeda, Takahiro and Pinello, Luca and Bauer, Daniel E},
  journal={Genome biology},
  volume={19},
  number={1},
  pages={1--19},
  year={2018},
  publisher={Springer}
}




@article{ucsc,
  title={The UCSC genome browser database},
  author={Karolchik, Donna and Baertsch, Robert and Diekhans, Mark and Furey, Terrence S and Hinrichs, Angie and Lu, YT and Roskin, Krishna M and Schwartz, Matt and Sugnet, Charles W and Thomas, Daryl J and others},
  journal={Nucleic acids research},
  volume={31},
  number={1},
  pages={51--54},
  year={2003},
  publisher={Oxford University Press}
}


@article{konstantakos2022crispr,
  title={CRISPR--Cas9 gRNA efficiency prediction: an overview of predictive tools and the role of deep learning},
  author={Konstantakos, Vasileios and Nentidis, Anastasios and Krithara, Anastasia and Paliouras, Georgios},
  journal={Nucleic Acids Research},
  volume={50},
  number={7},
  pages={3616--3637},
  year={2022},
  publisher={Oxford University Press}
}


@article{yusa,
  title={A CRISPR dropout screen identifies genetic vulnerabilities and therapeutic targets in acute myeloid leukemia},
  author={Tzelepis, Konstantinos and Koike-Yusa, Hiroko and De Braekeleer, Etienne and Li, Yilong and Metzakopian, Emmanouil and Dovey, Oliver M and Mupo, Annalisa and Grinkevich, Vera and Li, Meng and Mazan, Milena and others},
  journal={Cell reports},
  volume={17},
  number={4},
  pages={1193--1205},
  year={2016},
  publisher={Elsevier}
}


@article{sabatini,
  title={Identification and characterization of essential genes in the human genome},
  author={Wang, Tim and Birsoy, K{\i}van{\c{c}} and Hughes, Nicholas W and Krupczak, Kevin M and Post, Yorick and Wei, Jenny J and Lander, Eric S and Sabatini, David M},
  journal={Science},
  volume={350},
  number={6264},
  pages={1096--1101},
  year={2015},
  publisher={American Association for the Advancement of Science}
}


@article{toronto3,
  title={Evaluation and design of genome-wide CRISPR/SpCas9 knockout screens},
  author={Hart, Traver and Tong, Amy Hin Yan and Chan, Katie and Van Leeuwen, Jolanda and Seetharaman, Ashwin and Aregger, Michael and Chandrashekhar, Megha and Hustedt, Nicole and Seth, Sahil and Noonan, Avery and others},
  journal={G3: Genes, Genomes, Genetics},
  volume={7},
  number={8},
  pages={2719--2727},
  year={2017},
  publisher={Oxford University Press}
}


@article{toronto1,
  title={High-resolution CRISPR screens reveal fitness genes and genotype-specific cancer liabilities},
  author={Hart, Traver and Chandrashekhar, Megha and Aregger, Michael and Steinhart, Zachary and Brown, Kevin R and MacLeod, Graham and Mis, Monika and Zimmermann, Michal and Fradet-Turcotte, Amelie and Sun, Song and others},
  journal={Cell},
  volume={163},
  number={6},
  pages={1515--1526},
  year={2015},
  publisher={Elsevier}
}

@article{guides,
  title={GUIDES: sgRNA design for loss-of-function screens},
  author={Meier, Joshua A and Zhang, Feng and Sanjana, Neville E},
  journal={Nature methods},
  volume={14},
  number={9},
  pages={831--832},
  year={2017},
  publisher={Nature Publishing Group}
}


@article{casdesigner,
  title={Cas-Designer: a web-based tool for choice of CRISPR-Cas9 target sites},
  author={Park, Jeongbin and Bae, Sangsu and Kim, Jin-Soo},
  journal={Bioinformatics},
  volume={31},
  number={24},
  pages={4014--4016},
  year={2015},
  publisher={Oxford University Press}
}


@article{crisprater,
  title={Refined sgRNA efficacy prediction improves large-and small-scale CRISPR--Cas9 applications},
  author={Labuhn, Maurice and Adams, Felix F and Ng, Michelle and Knoess, Sabine and Schambach, Axel and Charpentier, Emmanuelle M and Schwarzer, Adrian and Mateo, Juan L and Klusmann, Jan-Henning and Heckl, Dirk},
  journal={Nucleic acids research},
  volume={46},
  number={3},
  pages={1375--1385},
  year={2018},
  publisher={Oxford University Press}
}


@article{deepspcas9,
  title={SpCas9 activity prediction by DeepSpCas9, a deep learning--based model with high generalization performance},
  author={Kim, Hui Kwon and Kim, Younggwang and Lee, Sungtae and Min, Seonwoo and Bae, Jung Yoon and Choi, Jae Woo and Park, Jinman and Jung, Dongmin and Yoon, Sungroh and Kim, Hyongbum Henry},
  journal={Science advances},
  volume={5},
  number={11},
  pages={eaax9249},
  year={2019},
  publisher={American Association for the Advancement of Science}
}



@article{liu2017crispri,
  title={CRISPRi-based genome-scale identification of functional long noncoding RNA loci in human cells},
  author={Liu, S John and Horlbeck, Max A and Cho, Seung Woo and Birk, Harjus S and Malatesta, Martina and He, Daniel and Attenello, Frank J and Villalta, Jacqueline E and Cho, Min Y and Chen, Yuwen and others},
  journal={Science},
  volume={355},
  number={6320},
  pages={eaah7111},
  year={2017},
  publisher={American Association for the Advancement of Science}
}


@article{han2017synergistic,
  title={Synergistic drug combinations for cancer identified in a CRISPR screen for pairwise genetic interactions},
  author={Han, Kyuho and Jeng, Edwin E and Hess, Gaelen T and Morgens, David W and Li, Amy and Bassik, Michael C},
  journal={Nature biotechnology},
  volume={35},
  number={5},
  pages={463--474},
  year={2017},
  publisher={Nature Publishing Group}
}


@article{replogle2020combinatorial,
  title={Combinatorial single-cell CRISPR screens by direct guide RNA capture and targeted sequencing},
  author={Replogle, Joseph M and Norman, Thomas M and Xu, Albert and Hussmann, Jeffrey A and Chen, Jin and Cogan, J Zachery and Meer, Elliott J and Terry, Jessica M and Riordan, Daniel P and Srinivas, Niranjan and others},
  journal={Nature biotechnology},
  volume={38},
  number={8},
  pages={954--961},
  year={2020},
  publisher={Nature Publishing Group}
}


@Manual{granges,
    title = {GenomicRanges: Representation and manipulation of genomic intervals},
    author = {Aboyoun, Patrick and Pages, Herve and Lawrence, Michael},
    year = {2012}
}


@article{hahne2012rbowtie,
  title={Rbowtie: A r wrapper for bowtie and splicemap short read aligners},
  author={Hahne, F and Lerch, A and Stadler, MB},
  journal={URL http://bioconductor. org/packages/release/bioc/html/Rbowtie. html},
  year={2012}
}


@article{pages2016biostrings,
  title={Biostrings: String objects representing biological sequences, and matching algorithms},
  author={Pages, Herv{\'e} and Aboyoun, Patrick and Gentleman, Robert and DebRoy, Saikat},
  journal={R package version},
  volume={2},
  number={0},
  pages={10--18129},
  year={2016}
}


@article{abudayyeh2017rna,
  title={RNA targeting with CRISPR--Cas13},
  author={Abudayyeh, Omar O and Gootenberg, Jonathan S and Essletzbichler, Patrick and Han, Shuo and Joung, Julia and Belanto, Joseph J and Verdine, Vanessa and Cox, David BT and Kellner, Max J and Regev, Aviv and others},
  journal={Nature},
  volume={550},
  number={7675},
  pages={280--284},
  year={2017},
  publisher={Nature Publishing Group}
}



 @Manual{crisprScore,
    title = {crisprScore: On-Target and Off-Target Scoring Algorithms for CRISPR gRNAs},
    author = {Jean-Philippe Fortin and Aaron Lun},
    year = {2022},
    note = {R package version 0.99.16},
    url = {https://github.com/Jfortin1/crisprScore/issues},
  }




@article{wang2019integrative,
  title={Integrative analysis of pooled CRISPR genetic screens using MAGeCKFlute},
  author={Wang, Binbin and Wang, Mei and Zhang, Wubing and Xiao, Tengfei and Chen, Chen-Hao and Wu, Alexander and Wu, Feizhen and Traugh, Nicole and Wang, Xiaoqing and Li, Ziyi and others},
  journal={Nature protocols},
  volume={14},
  number={3},
  pages={756--780},
  year={2019},
  publisher={Nature Publishing Group}
}


@article{imkeller2020gscreend,
  title={gscreend: modelling asymmetric count ratios in CRISPR screens to decrease experiment size and improve phenotype detection},
  author={Imkeller, Katharina and Ambrosi, Giulia and Boutros, Michael and Huber, Wolfgang},
  journal={Genome biology},
  volume={21},
  number={1},
  pages={1--13},
  year={2020},
  publisher={Springer}
}

  @Manual{gcrisprtools,
    title = {gCrisprTools: Suite of Functions for Pooled Crispr Screen QC and Analysis},
    author = {Russell Bainer and Dariusz Ratman and Peter Haverty and Steve Lianoglou},
    year = {2021},
    note = {R package version 2.0.0},
  }

@article{labun2019accurate,
  title={Accurate analysis of genuine CRISPR editing events with ampliCan},
  author={Labun, Kornel and Guo, Xiaoge and Chavez, Alejandro and Church, George and Gagnon, James A and Valen, Eivind},
  journal={Genome research},
  volume={29},
  number={5},
  pages={843--847},
  year={2019},
  publisher={Cold Spring Harbor Lab}
}


@article{zhu2017guideseq,
  title={GUIDEseq: a bioconductor package to analyze GUIDE-Seq datasets for CRISPR-Cas nucleases},
  author={Zhu, Lihua Julie and Lawrence, Michael and Gupta, Ankit and Kucukural, Alper and Garber, Manuel and Wolfe, Scot A and others},
  journal={BMC genomics},
  volume={18},
  number={1},
  pages={1--10},
  year={2017},
  publisher={Springer}
}

@article{lindsay2016crisprvariants,
  title={CrispRVariants charts the mutation spectrum of genome engineering experiments},
  author={Lindsay, Helen and Burger, Alexa and Biyong, Berthin and Felker, Anastasia and Hess, Christopher and Zaugg, Jonas and Chiavacci, Elena and Anders, Carolin and Jinek, Martin and Mosimann, Christian and others},
  journal={Nature biotechnology},
  volume={34},
  number={7},
  pages={701--702},
  year={2016},
  publisher={Nature Publishing Group}
}


@article{wessels2020massively,
  title={Massively parallel Cas13 screens reveal principles for guide RNA design},
  author={Wessels, Hans-Hermann and M{\'e}ndez-Mancilla, Alejandro and Guo, Xinyi and Legut, Mateusz and Daniloski, Zharko and Sanjana, Neville E},
  journal={Nature biotechnology},
  volume={38},
  number={6},
  pages={722--727},
  year={2020},
  publisher={Nature Publishing Group}
}

@article{kweon2020crispr,
  title={A CRISPR-based base-editing screen for the functional assessment of BRCA1 variants},
  author={Kweon, Jiyeon and Jang, An-Hee and Shin, Ha Rim and See, Ji-Eun and Lee, Woochang and Lee, Jong Won and Chang, Suhwan and Kim, Kyunggon and Kim, Yongsub},
  journal={Oncogene},
  volume={39},
  number={1},
  pages={30--35},
  year={2020},
  publisher={Nature Publishing Group}
}


@article{jun2020single,
  title={Single-cell analysis of a mutant library generated using CRISPR-guided deaminase in human melanoma cells},
  author={Jun, Soyeong and Lim, Hyeonseob and Chun, Honggu and Lee, Ji Hyun and Bang, Duhee},
  journal={Communications biology},
  volume={3},
  number={1},
  pages={1--12},
  year={2020},
  publisher={Nature Publishing Group}
}


@article{findlay2018accurate,
  title={Accurate classification of BRCA1 variants with saturation genome editing},
  author={Findlay, Gregory M and Daza, Riza M and Martin, Beth and Zhang, Melissa D and Leith, Anh P and Gasperini, Molly and Janizek, Joseph D and Huang, Xingfan and Starita, Lea M and Shendure, Jay},
  journal={Nature},
  volume={562},
  number={7726},
  pages={217--222},
  year={2018},
  publisher={Nature Publishing Group}
}


@article{hanna2021massively,
  title={Massively parallel assessment of human variants with base editor screens},
  author={Hanna, Ruth E and Hegde, Mudra and Fagre, Christian R and DeWeirdt, Peter C and Sangree, Annabel K and Szegletes, Zsofia and Griffith, Audrey and Feeley, Marissa N and Sanson, Kendall R and Baidi, Yossef and others},
  journal={Cell},
  volume={184},
  number={4},
  pages={1064--1080},
  year={2021},
  publisher={Elsevier}
}


@article{aho1975efficient,
  title={Efficient string matching: an aid to bibliographic search},
  author={Aho, Alfred V and Corasick, Margaret J},
  journal={Communications of the ACM},
  volume={18},
  number={6},
  pages={333--340},
  year={1975},
  publisher={ACM New York, NY, USA}
}

@article{koblan2018improving,
  title={Improving cytidine and adenine base editors by expression optimization and ancestral reconstruction},
  author={Koblan, Luke W and Doman, Jordan L and Wilson, Christopher and Levy, Jonathan M and Tay, Tristan and Newby, Gregory A and Maianti, Juan Pablo and Raguram, Aditya and Liu, David R},
  journal={Nature biotechnology},
  volume={36},
  number={9},
  pages={843--846},
  year={2018},
  publisher={Nature Publishing Group}
}


@article{wu2014genome,
  title={Genome-wide binding of the CRISPR endonuclease Cas9 in mammalian cells},
  author={Wu, Xuebing and Scott, David A and Kriz, Andrea J and Chiu, Anthony C and Hsu, Patrick D and Dadon, Daniel B and Cheng, Albert W and Trevino, Alexandro E and Konermann, Silvana and Chen, Sidi and others},
  journal={Nature biotechnology},
  volume={32},
  number={7},
  pages={670--676},
  year={2014},
  publisher={Nature Publishing Group}
}


@article{kuscu2014genome,
  title={Genome-wide analysis reveals characteristics of off-target sites bound by the Cas9 endonuclease},
  author={Kuscu, Cem and Arslan, Sevki and Singh, Ritambhara and Thorpe, Jeremy and Adli, Mazhar},
  journal={Nature biotechnology},
  volume={32},
  number={7},
  pages={677--683},
  year={2014},
  publisher={Nature Publishing Group}
}



@article{djebali2012landscape,
  title={Landscape of transcription in human cells},
  author={Djebali, Sarah and Davis, Carrie A and Merkel, Angelika and Dobin, Alex and Lassmann, Timo and Mortazavi, Ali and Tanzer, Andrea and Lagarde, Julien and Lin, Wei and Schlesinger, Felix and others},
  journal={Nature},
  volume={489},
  number={7414},
  pages={101--108},
  year={2012},
  publisher={Nature Publishing Group}
}

@article{kundaje2015integrative,
  title={Integrative analysis of 111 reference human epigenomes},
  author={Kundaje, Anshul and Meuleman, Wouter and Ernst, Jason and Bilenky, Misha and Yen, Angela and Heravi-Moussavi, Alireza and Kheradpour, Pouya and Zhang, Zhizhuo and Wang, Jianrong and Ziller, Michael J and others},
  journal={Nature},
  volume={518},
  number={7539},
  pages={317--330},
  year={2015},
  publisher={Nature Publishing Group}
}


@article{nelson2021engineered,
  title={Engineered pegRNAs improve prime editing efficiency},
  author={Nelson, James W and Randolph, Peyton B and Shen, Simon P and Everette, Kelcee A and Chen, Peter J and Anzalone, Andrew V and An, Meirui and Newby, Gregory A and Chen, Jonathan C and Hsu, Alvin and others},
  journal={Nature biotechnology},
  pages={1--9},
  year={2021},
  publisher={Nature Publishing Group}
}

@article{pe2,
  title={Enhanced prime editing systems by manipulating cellular determinants of editing outcomes},
  author={Chen, Peter J and Hussmann, Jeffrey A and Yan, Jun and Knipping, Friederike and Ravisankar, Purnima and Chen, Pin-Fang and Chen, Cidi and Nelson, James W and Newby, Gregory A and Sahin, Mustafa and others},
  journal={Cell},
  volume={184},
  number={22},
  pages={5635--5652},
  year={2021},
  publisher={Elsevier}
}


@article{shiny,
  title={Package ‘shiny’},
  author={Chang, Winston and Cheng, Joe and Allaire, JJ and Xie, Yihui and McPherson, Jonathan},
  journal={See http://citeseerx. ist. psu. edu/viewdoc/download},
  year={2015}
}

@article{biomart,
  title={BioMart and Bioconductor: a powerful link between biological databases and microarray data analysis},
  author={Durinck, Steffen and Moreau, Yves and Kasprzyk, Arek and Davis, Sean and De Moor, Bart and Brazma, Alvis and Huber, Wolfgang},
  journal={Bioinformatics},
  volume={21},
  number={16},
  pages={3439--3440},
  year={2005},
  publisher={Oxford University Press}
}


@article{he2019novo,
  title={De novo identification of essential protein domains from CRISPR-Cas9 tiling-sgRNA knockout screens},
  author={He, Wei and Zhang, Liang and Villarreal, Oscar D and Fu, Rongjie and Bedford, Ella and Dou, Jingzhuang and Patel, Anish Y and Bedford, Mark T and Shi, Xiaobing and Chen, Taiping and others},
  journal={Nature communications},
  volume={10},
  number={1},
  pages={1--10},
  year={2019},
  publisher={Nature Publishing Group}
}


@article{meuleman2020,
	author = {Meuleman, Wouter and Muratov, Alexander and Rynes Eric and Halow, Jessica and Lee, Kristen and Bates, Daniel and Diegel, Morgan and Dunn, Douglass and Neri, Fidencio and Teodosiadis, Athanasios and Reynolds, Alex and Haugen, Eric and Nelson, Jemma and Johnson, Audra and Frerker, Mark and Buckley, Michael and Sandstrom, Richard and Vierstra, Jeff and Kaul, Rajinder and Stamatoyannopoulos, John},
	date-added = {2022-02-10 10:51:43 -0800},
	date-modified = {2022-02-10 10:54:55 -0800},
	journal = {Nature},
	pages = {244-251},
	title = {Index and biological spectrum of human DNase I hypersensitive sites},
	volume = {584},
	year = {2020}}

@article{allen2019predicting,
	author = {Allen, Felicity and Crepaldi, Luca and Alsinet, Clara and Strong, Alexander J and Kleshchevnikov, Vitalii and De Angeli, Pietro and P{\'a}len{\'\i}kov{\'a}, Petra and Khodak, Anton and Kiselev, Vladimir and Kosicki, Michael and others},
	journal = {Nature biotechnology},
	number = {1},
	pages = {64--72},
	publisher = {Nature Publishing Group},
	title = {Predicting the mutations generated by repair of Cas9-induced double-strand breaks},
	volume = {37},
	year = {2019}}

@article{shen2018predictable,
	author = {Shen, Max W and Arbab, Mandana and Hsu, Jonathan Y and Worstell, Daniel and Culbertson, Sannie J and Krabbe, Olga and Cassa, Christopher A and Liu, David R and Gifford, David K and Sherwood, Richard I},
	journal = {Nature},
	number = {7733},
	pages = {646--651},
	publisher = {Nature Publishing Group},
	title = {Predictable and precise template-free CRISPR editing of pathogenic variants},
	volume = {563},
	year = {2018}}

@article{toronto,
	author = {Hart, Traver and Tong, Amy Hin Yan and Chan, Katie and Van Leeuwen, Jolanda and Seetharaman, Ashwin and Aregger, Michael and Chandrashekhar, Megha and Hustedt, Nicole and Seth, Sahil and Noonan, Avery and others},
	journal = {G3: Genes, Genomes, Genetics},
	number = {8},
	pages = {2719--2727},
	publisher = {Oxford University Press},
	title = {Evaluation and design of genome-wide CRISPR/SpCas9 knockout screens},
	volume = {7},
	year = {2017}}

@article{mageckmle,
	author = {Li, Wei and K{\"o}ster, Johannes and Xu, Han and Chen, Chen-Hao and Xiao, Tengfei and Liu, Jun S and Brown, Myles and Liu, X Shirley},
	journal = {Genome biology},
	number = {1},
	pages = {1--13},
	publisher = {BioMed Central},
	title = {Quality control, modeling, and visualization of CRISPR screens with MAGeCK-VISPR},
	volume = {16},
	year = {2015}}

@article{jacks,
	author = {Allen, Felicity and Behan, Fiona and Khodak, Anton and Iorio, Francesco and Yusa, Kosuke and Garnett, Mathew and Parts, Leopold},
	journal = {Genome research},
	number = {3},
	pages = {464--471},
	publisher = {Cold Spring Harbor Lab},
	title = {JACKS: joint analysis of CRISPR/Cas9 knockout screens},
	volume = {29},
	year = {2019}}

@article{chronos,
	author = {Dempster, Joshua M and Boyle, Isabella and Vazquez, Francisca and Root, David E and Boehm, Jesse S and Hahn, William C and Tsherniak, Aviad and McFarland, James M},
	journal = {Genome biology},
	number = {1},
	pages = {1--23},
	publisher = {BioMed Central},
	title = {Chronos: a cell population dynamics model of CRISPR experiments that improves inference of gene fitness effects},
	volume = {22},
	year = {2021}}

@article{bagel2,
	author = {Kim, Eiru and Hart, Traver},
	journal = {Genome medicine},
	number = {1},
	pages = {1--11},
	publisher = {BioMed Central},
	title = {Improved analysis of CRISPR fitness screens and reduced off-target effects with the BAGEL2 gene essentiality classifier},
	volume = {13},
	year = {2021}}

@article{guidescan,
	author = {Perez, Alexendar R and Pritykin, Yuri and Vidigal, Joana A and Chhangawala, Sagar and Zamparo, Lee and Leslie, Christina S and Ventura, Andrea},
	journal = {Nature biotechnology},
	number = {4},
	pages = {347--349},
	publisher = {Nature Publishing Group},
	title = {GuideScan software for improved single and paired CRISPR guide RNA design},
	volume = {35},
	year = {2017}}

@article{crisprscan,
	author = {Moreno-Mateos, Miguel A and Vejnar, Charles E and Beaudoin, Jean-Denis and Fernandez, Juan P and Mis, Emily K and Khokha, Mustafa K and Giraldez, Antonio J},
	journal = {Nature methods},
	number = {10},
	pages = {982--988},
	publisher = {Nature Publishing Group},
	title = {CRISPRscan: designing highly efficient sgRNAs for CRISPR-Cas9 targeting in vivo},
	volume = {12},
	year = {2015}}

@article{casoffinder,
	author = {Bae, Sangsu and Park, Jeongbin and Kim, Jin-Soo},
	journal = {Bioinformatics},
	number = {10},
	pages = {1473--1475},
	publisher = {Oxford University Press},
	title = {Cas-OFFinder: a fast and versatile algorithm that searches for potential off-target sites of Cas9 RNA-guided endonucleases},
	volume = {30},
	year = {2014}}

@article{ecrisp,
	author = {Heigwer, Florian and Kerr, Grainne and Boutros, Michael},
	journal = {Nature methods},
	number = {2},
	pages = {122--123},
	publisher = {Nature Publishing Group},
	title = {E-CRISP: fast CRISPR target site identification},
	volume = {11},
	year = {2014}}

@article{cld,
	author = {Heigwer, Florian and Zhan, Tianzuo and Breinig, Marco and Winter, Jan and Br{\"u}gemann, Dirk and Leible, Svenja and Boutros, Michael},
	journal = {Genome biology},
	number = {1},
	pages = {1--10},
	publisher = {BioMed Central},
	title = {CRISPR library designer (CLD): software for multispecies design of single guide RNA libraries},
	volume = {17},
	year = {2016}}

@article{flashfry,
	author = {McKenna, Aaron and Shendure, Jay},
	journal = {BMC biology},
	number = {1},
	pages = {1--6},
	publisher = {BioMed Central},
	title = {FlashFry: a fast and flexible tool for large-scale CRISPR target design},
	volume = {16},
	year = {2018}}

@article{ops,
	author = {Feldman, David and Singh, Avtar and Schmid-Burgk, Jonathan L and Carlson, Rebecca J and Mezger, Anja and Garrity, Anthony J and Zhang, Feng and Blainey, Paul C},
	journal = {Cell},
	number = {3},
	pages = {787--799},
	publisher = {Elsevier},
	title = {Optical pooled screens in human cells},
	volume = {179},
	year = {2019}}

@article{crispri_crispra,
	author = {Gilbert, Luke A and Larson, Matthew H and Morsut, Leonardo and Liu, Zairan and Brar, Gloria A and Torres, Sandra E and Stern-Ginossar, Noam and Brandman, Onn and Whitehead, Evan H and Doudna, Jennifer A and others},
	journal = {Cell},
	number = {2},
	pages = {442--451},
	publisher = {Elsevier},
	title = {CRISPR-mediated modular RNA-guided regulation of transcription in eukaryotes},
	volume = {154},
	year = {2013}}

@article{rnaediting1,
	author = {Cox, David BT and Gootenberg, Jonathan S and Abudayyeh, Omar O and Franklin, Brian and Kellner, Max J and Joung, Julia and Zhang, Feng},
	journal = {Science},
	number = {6366},
	pages = {1019--1027},
	publisher = {American Association for the Advancement of Science},
	title = {RNA editing with CRISPR-Cas13},
	volume = {358},
	year = {2017}}

@article{rnaediting2,
	author = {Xu, Chunlong and Zhou, Yingsi and Xiao, Qingquan and He, Bingbing and Geng, Guannan and Wang, Zikang and Cao, Birong and Dong, Xue and Bai, Weiya and Wang, Yifan and others},
	journal = {Nature Methods},
	number = {5},
	pages = {499--506},
	publisher = {Nature Publishing Group},
	title = {Programmable RNA editing with compact CRISPR--Cas13 systems from uncultivated microbes},
	volume = {18},
	year = {2021}}

@article{zhang2020dual,
	author = {Zhang, Xiaohui and Zhu, Biyun and Chen, Liang and Xie, Ling and Yu, Weishi and Wang, Ying and Li, Linxi and Yin, Shuming and Yang, Lei and Hu, Handan and others},
	journal = {Nature Biotechnology},
	number = {7},
	pages = {856--860},
	publisher = {Nature Publishing Group},
	title = {Dual base editor catalyzes both cytosine and adenine base conversions in human cells},
	volume = {38},
	year = {2020}}

@article{grunewald2020dual,
	author = {Gr{\"u}newald, Julian and Zhou, Ronghao and Lareau, Caleb A and Garcia, Sara P and Iyer, Sowmya and Miller, Bret R and Langner, Lukas M and Hsu, Jonathan Y and Aryee, Martin J and Joung, J Keith},
	journal = {Nature biotechnology},
	number = {7},
	pages = {861--864},
	publisher = {Nature Publishing Group},
	title = {A dual-deaminase CRISPR base editor enables concurrent adenine and cytosine editing},
	volume = {38},
	year = {2020}}

@article{primeediting,
	author = {Anzalone, Andrew V and Randolph, Peyton B and Davis, Jessie R and Sousa, Alexander A and Koblan, Luke W and Levy, Jonathan M and Chen, Peter J and Wilson, Christopher and Newby, Gregory A and Raguram, Aditya and others},
	journal = {Nature},
	number = {7785},
	pages = {149--157},
	publisher = {Nature Publishing Group},
	title = {Search-and-replace genome editing without double-strand breaks or donor DNA},
	volume = {576},
	year = {2019}}

@article{pfam,
	author = {Bateman, Alex and Coin, Lachlan and Durbin, Richard and Finn, Robert D and Hollich, Volker and Griffiths-Jones, Sam and Khanna, Ajay and Marshall, Mhairi and Moxon, Simon and Sonnhammer, Erik LL and others},
	journal = {Nucleic acids research},
	number = {suppl\_1},
	pages = {D138--D141},
	publisher = {Oxford University Press},
	title = {The Pfam protein families database},
	volume = {32},
	year = {2004}}

@article{gaudelli,
	author = {Gaudelli, Nicole M and Komor, Alexis C and Rees, Holly A and Packer, Michael S and Badran, Ahmed H and Bryson, David I and Liu, David R},
	journal = {Nature},
	number = {7681},
	pages = {464--471},
	publisher = {Nature Publishing Group},
	title = {Programmable base editing of A* T to G* C in genomic DNA without DNA cleavage},
	volume = {551},
	year = {2017}}

@article{komor,
	author = {Komor, Alexis C and Kim, Yongjoo B and Packer, Michael S and Zuris, John A and Liu, David R},
	journal = {Nature},
	number = {7603},
	pages = {420--424},
	publisher = {Nature Publishing Group},
	title = {Programmable editing of a target base in genomic DNA without double-stranded DNA cleavage},
	volume = {533},
	year = {2016}}

@article{behive,
	author = {Arbab, Mandana and Shen, Max W and Mok, Beverly and Wilson, Christopher and Matuszek, {\.Z}aneta and Cassa, Christopher A and Liu, David R},
	journal = {Cell},
	number = {2},
	pages = {463--480},
	publisher = {Elsevier},
	title = {Determinants of base editing outcomes from target library analysis and machine learning},
	volume = {182},
	year = {2020}}

@article{c2c2_1,
	author = {Shmakov, Sergey and Abudayyeh, Omar O and Makarova, Kira S and Wolf, Yuri I and Gootenberg, Jonathan S and Semenova, Ekaterina and Minakhin, Leonid and Joung, Julia and Konermann, Silvana and Severinov, Konstantin and others},
	journal = {Molecular cell},
	number = {3},
	pages = {385--397},
	publisher = {Elsevier},
	title = {Discovery and functional characterization of diverse class 2 CRISPR-Cas systems},
	volume = {60},
	year = {2015}}

@article{c2c2_2,
	author = {Abudayyeh, Omar O and Gootenberg, Jonathan S and Konermann, Silvana and Joung, Julia and Slaymaker, Ian M and Cox, David BT and Shmakov, Sergey and Makarova, Kira S and Semenova, Ekaterina and Minakhin, Leonid and others},
	journal = {Science},
	number = {6299},
	publisher = {American Association for the Advancement of Science},
	title = {C2c2 is a single-component programmable RNA-guided RNA-targeting CRISPR effector},
	volume = {353},
	year = {2016}}

@article{cas13d,
	author = {Konermann, Silvana and Lotfy, Peter and Brideau, Nicholas J and Oki, Jennifer and Shokhirev, Maxim N and Hsu, Patrick D},
	journal = {Cell},
	number = {3},
	pages = {665--676},
	publisher = {Elsevier},
	title = {Transcriptome engineering with RNA-targeting type VI-D CRISPR effectors},
	volume = {173},
	year = {2018}}

@article{offtarget1,
	author = {Fu, Yanfang and Foden, Jennifer A and Khayter, Cyd and Maeder, Morgan L and Reyon, Deepak and Joung, J Keith and Sander, Jeffry D},
	journal = {Nature biotechnology},
	number = {9},
	pages = {822--826},
	publisher = {Nature Publishing Group},
	title = {High-frequency off-target mutagenesis induced by CRISPR-Cas nucleases in human cells},
	volume = {31},
	year = {2013}}

@article{offtarget2,
	author = {Hsu, Patrick D and Scott, David A and Weinstein, Joshua A and Ran, F Ann and Konermann, Silvana and Agarwala, Vineeta and Li, Yinqing and Fine, Eli J and Wu, Xuebing and Shalem, Ophir and others},
	journal = {Nature biotechnology},
	number = {9},
	pages = {827--832},
	publisher = {Nature Publishing Group},
	title = {DNA targeting specificity of RNA-guided Cas9 nucleases},
	volume = {31},
	year = {2013}}

@article{offtarget3,
	author = {Pattanayak, Vikram and Lin, Steven and Guilinger, John P and Ma, Enbo and Doudna, Jennifer A and Liu, David R},
	journal = {Nature biotechnology},
	number = {9},
	pages = {839--843},
	publisher = {Nature Publishing Group},
	title = {High-throughput profiling of off-target DNA cleavage reveals RNA-programmed Cas9 nuclease specificity},
	volume = {31},
	year = {2013}}

@article{guideseq,
	author = {Tsai, Shengdar Q and Zheng, Zongli and Nguyen, Nhu T and Liebers, Matthew and Topkar, Ved V and Thapar, Vishal and Wyvekens, Nicolas and Khayter, Cyd and Iafrate, A John and Le, Long P and others},
	journal = {Nature biotechnology},
	number = {2},
	pages = {187--197},
	publisher = {Nature Publishing Group},
	title = {GUIDE-seq enables genome-wide profiling of off-target cleavage by CRISPR-Cas nucleases},
	volume = {33},
	year = {2015}}

@article{discoverseq,
	author = {Wienert, Beeke and Wyman, Stacia K and Yeh, Charles D and Conklin, Bruce R and Corn, Jacob E},
	journal = {Nature protocols},
	number = {5},
	pages = {1775--1799},
	publisher = {Nature Publishing Group},
	title = {CRISPR off-target detection with DISCOVER-seq},
	volume = {15},
	year = {2020}}

@article{crisprseek,
	author = {Zhu, Lihua J and Holmes, Benjamin R and Aronin, Neil and Brodsky, Michael H},
	journal = {PloS one},
	number = {9},
	pages = {e108424},
	publisher = {Public Library of Science San Francisco, USA},
	title = {CRISPRseek: a bioconductor package to identify target-specific guide RNAs for CRISPR-Cas9 genome-editing systems},
	volume = {9},
	year = {2014}}

@inproceedings{burrows1994block,
	author = {Burrows, Michael and Wheeler, David},
	booktitle = {Digital SRC Research Report},
	organization = {Citeseer},
	title = {A block-sorting lossless data compression algorithm},
	year = {1994}}

@article{smits2019biological,
	author = {Smits, Arne H and Ziebell, Frederik and Joberty, Gerard and Zinn, Nico and Mueller, William F and Clauder-M{\"u}nster, Sandra and Eberhard, Dirk and Savitski, Maria F{\"a}lth and Grandi, Paola and Jakob, Petra and others},
	journal = {Nature methods},
	number = {11},
	pages = {1087--1093},
	publisher = {Nature Publishing Group},
	title = {Biological plasticity rescues target activity in CRISPR knock outs},
	volume = {16},
	year = {2019}}

@article{cohen2019nonsense,
	author = {Cohen, Sarit and Kramarski, Lior and Levi, Shahar and Deshe, Noa and Ben David, Oshrit and Arbely, Eyal},
	journal = {Nucleic acids research},
	number = {12},
	pages = {6330--6338},
	publisher = {Oxford University Press},
	title = {Nonsense mutation-dependent reinitiation of translation in mammalian cells},
	volume = {47},
	year = {2019}}

@article{ho2015targeting,
	author = {Ho, Tsui-Ting and Zhou, Nanjiang and Huang, Jianguo and Koirala, Pratirodh and Xu, Min and Fung, Roland and Wu, Fangting and Mo, Yin-Yuan},
	date-added = {2021-12-15 17:15:46 -0800},
	date-modified = {2021-12-15 17:17:23 -0800},
	journal = {Nucleic acids research},
	number = {3},
	pages = {e17},
	title = {Targeting non-coding RNAs with the CRISPR/Cas9 system in human cell lines},
	volume = {43},
	year = {2015}}

@article{mirbase,
	author = {Kozomara, Ana and Birgaoanu, Maria and Griffiths-Jones, Sam},
	date-added = {2021-12-15 16:09:47 -0800},
	date-modified = {2021-12-15 16:14:50 -0800},
	journal = {Nucleic acids research},
	number = {D1},
	pages = {D155-D162},
	title = {miRBase: from microRNA sequences to function},
	volume = {47},
	year = {2018}}

@article{radzisheuskaya2016optimizing,
	author = {Radzisheuskaya, Aliaksandra and Shlyueva, Daria and M{\"u}ller, Iris and Helin, Kristian},
	journal = {Nucleic acids research},
	number = {18},
	pages = {e141--e141},
	publisher = {Oxford University Press},
	title = {Optimizing sgRNA position markedly improves the efficiency of CRISPR/dCas9-mediated transcriptional repression},
	volume = {44},
	year = {2016}}

@article{chopchop,
	author = {Montague, Tessa G and Cruz, Jos{\'e} M and Gagnon, James A and Church, George M and Valen, Eivind},
	journal = {Nucleic acids research},
	number = {W1},
	pages = {W401--W407},
	publisher = {Oxford University Press},
	title = {CHOPCHOP: a CRISPR/Cas9 and TALEN web tool for genome editing},
	volume = {42},
	year = {2014}}

@article{crispor,
	author = {Concordet, Jean-Paul and Haeussler, Maximilian},
	journal = {Nucleic acids research},
	number = {W1},
	pages = {W242--W245},
	publisher = {Oxford University Press},
	title = {CRISPOR: intuitive guide selection for CRISPR/Cas9 genome editing experiments and screens},
	volume = {46},
	year = {2018}}

@article{cctop,
	author = {Stemmer, Manuel and Thumberger, Thomas and del Sol Keyer, Maria and Wittbrodt, Joachim and Mateo, Juan L},
	journal = {PloS one},
	number = {4},
	pages = {e0124633},
	publisher = {Public Library of Science San Francisco, CA USA},
	title = {CCTop: an intuitive, flexible and reliable CRISPR/Cas9 target prediction tool},
	volume = {10},
	year = {2015}}

@article{bwa,
	author = {Li, Heng and Durbin, Richard},
	journal = {bioinformatics},
	number = {14},
	pages = {1754--1760},
	publisher = {Oxford University Press},
	title = {Fast and accurate short read alignment with Burrows--Wheeler transform},
	volume = {25},
	year = {2009}}

@article{multicrispr,
	author = {Bhagwat, Aditya M and Graumann, Johannes and Wiegandt, Rene and Bentsen, Mette and Welker, Jordan and Kuenne, Carsten and Preussner, Jens and Braun, Thomas and Looso, Mario},
	journal = {Life science alliance},
	number = {11},
	publisher = {Life Science Alliance},
	title = {multicrispr: gRNA design for prime editing and parallel targeting of thousands of targets},
	volume = {3},
	year = {2020}}

@article{rbowtie,
	author = {Hahne, Florian and Lerch, Anita and Stadler, Michael B and Stadler, Maintainer Michael and SystemRequirements, GNU},
	title = {Package `Rbowtie'},
	year = {2013}}

@article{pincer,
	author = {Veeneman, Brendan and Gao, Ying and Grant, Joy and Fruhling, David and Ahn, James and Bosbach, Benedikt and Bienkowska, Jadwiga and Follettie, Maximillian and Arndt, Kim and Myers, Jeremy and Zhong, Wenyan},
	date-added = {2021-12-07 09:34:48 -0800},
	date-modified = {2021-12-07 09:37:26 -0800},
	journal = {Nucleic acids research},
	number = {17},
	pages = {9462-9477},
	title = {PINCER: improved CRISPR/Cas9 screening by efficient cleavage at conserved residues},
	volume = {48},
	year = {2020}}

@article{genomicranges,
	author = {Lawrence, Michael and Huber, Wolfgang and Pages, Herv{\'e} and Aboyoun, Patrick and Carlson, Marc and Gentleman, Robert and Morgan, Martin T and Carey, Vincent J},
	journal = {PLoS computational biology},
	number = {8},
	pages = {e1003118},
	publisher = {Public Library of Science San Francisco, USA},
	title = {Software for computing and annotating genomic ranges},
	volume = {9},
	year = {2013}}

@article{bioc1,
	author = {Gentleman, Robert C and Carey, Vincent J and Bates, Douglas M and Bolstad, Ben and Dettling, Marcel and Dudoit, Sandrine and Ellis, Byron and Gautier, Laurent and Ge, Yongchao and Gentry, Jeff and others},
	journal = {Genome biology},
	number = {10},
	pages = {1--16},
	publisher = {Springer},
	title = {Bioconductor: open software development for computational biology and bioinformatics},
	volume = {5},
	year = {2004}}

@article{bioc2,
	author = {Huber, Wolfgang and Carey, Vincent J and Gentleman, Robert and Anders, Simon and Carlson, Marc and Carvalho, Benilton S and Bravo, Hector Corrada and Davis, Sean and Gatto, Laurent and Girke, Thomas and others},
	journal = {Nature methods},
	number = {2},
	pages = {115--121},
	publisher = {Nature Publishing Group},
	title = {Orchestrating high-throughput genomic analysis with Bioconductor},
	volume = {12},
	year = {2015}}

@article{thyme2016internal,
	author = {Thyme, Summer B and Akhmetova, Laila and Montague, Tessa G and Valen, Eivind and Schier, Alexander F},
	date-added = {2021-12-02 17:05:15 -0800},
	date-modified = {2021-12-02 17:08:08 -0800},
	journal = {Nature communications},
	pages = {11750},
	title = {Internal guide RNA interactions interfere with Cas9-mediated cleavage},
	volume = {7},
	year = {2016}}

@article{gilbert2014genomescale,
	author = {Gilbert, Luke A and Horlbeck, Max A and Adamson, Britt and Villalta, Jacqueline E and Chen, Yuwen and Whitehead, Evan H and Guimaraes, Carla and Panning, Barbara and Ploegh, Hidde L and Bassik, Michael C and Qi, Lei S and Kampmann, Martin and Weissman Jonathan S},
	date-added = {2021-12-02 16:00:42 -0800},
	date-modified = {2021-12-02 16:06:37 -0800},
	journal = {Cell},
	month = {Oct},
	number = {3},
	pages = {647-661},
	title = {Genome-Scale CRISPR-Mediated Control of Gene Repression and Activation},
	volume = {159},
	year = {2014}}

@article{wang2014genetic,
	author = {Wang, Tim and Wei, Jenny J and Sabatini, David M and Lander, Eric S},
	date-added = {2021-12-02 15:48:49 -0800},
	date-modified = {2021-12-02 15:51:57 -0800},
	journal = {Science},
	month = {Jan},
	number = {6166},
	pages = {80-84},
	title = {Genetic screens in human cells using the CRISPR/Cas9 system},
	volume = {343},
	year = {2014}}

@article{sangree2021benchmarking,
	author = {Sangree, Annabel K and Griffith, Audrey L and Szegletesh, Zsofia M and Roy, Priyanka and DeWeirdt, Peter C and Hegde, Mudra and McGee, Abby V and Hanna, Ruth E and Doench, John G},
	journal = {bioRxiv},
	publisher = {Cold Spring Harbor Laboratory},
	title = {Benchmarking of SpCas9 variants enables deeper base editor screens of BRCA1 and BCL2},
	year = {2021}}

@article{deepcas13,
	author = {Wei, Jingyi and Lotfy, Peter and Faizi, Kian and Kitano, Hugo and Hsu, Patrick David and Konermann, Silvana},
	journal = {bioRxiv},
	publisher = {Cold Spring Harbor Laboratory},
	title = {Deep learning of Cas13 guide activity from high-throughput gene essentiality screening},
	year = {2021}}

@article{xcas9,
	author = {Hu, Johnny H and Miller, Shannon M and Geurts, Maarten H and Tang, Weixin and Chen, Liwei and Sun, Ning and Zeina, Christina M and Gao, Xue and Rees, Holly A and Lin, Zhi and others},
	journal = {Nature},
	number = {7699},
	pages = {57--63},
	publisher = {Nature Publishing Group},
	title = {Evolved Cas9 variants with broad PAM compatibility and high DNA specificity},
	volume = {556},
	year = {2018}}

@article{spcas9ng,
	author = {Nishimasu, Hiroshi and Shi, Xi and Ishiguro, Soh and Gao, Linyi and Hirano, Seiichi and Okazaki, Sae and Noda, Taichi and Abudayyeh, Omar O and Gootenberg, Jonathan S and Mori, Hideto and others},
	journal = {Science},
	number = {6408},
	pages = {1259--1262},
	publisher = {American Association for the Advancement of Science},
	title = {Engineered CRISPR-Cas9 nuclease with expanded targeting space},
	volume = {361},
	year = {2018}}

@article{spg,
	author = {Walton, Russell T and Christie, Kathleen A and Whittaker, Madelynn N and Kleinstiver, Benjamin P},
	journal = {Science},
	number = {6488},
	pages = {290--296},
	publisher = {American Association for the Advancement of Science},
	title = {Unconstrained genome targeting with near-PAMless engineered CRISPR-Cas9 variants},
	volume = {368},
	year = {2020}}

@article{pamfree,
	author = {Collias, Daphne and Beisel, Chase L},
	journal = {Nature communications},
	number = {1},
	pages = {1--12},
	publisher = {Nature Publishing Group},
	title = {CRISPR technologies and the search for the PAM-free nuclease},
	volume = {12},
	year = {2021}}

@article{crispria,
	author = {Horlbeck, Max A and Gilbert, Luke A and Villalta, Jacqueline E and Adamson, Britt and Pak, Ryan A and Chen, Yuwen and Fields, Alexander P and Park, Chong Yon and Corn, Jacob E and Kampmann, Martin and others},
	journal = {Elife},
	pages = {e19760},
	publisher = {eLife Sciences Publications Limited},
	title = {Compact and highly active next-generation libraries for CRISPR-mediated gene repression and activation},
	volume = {5},
	year = {2016}}

@manual{bsgenome_major,
	author = {Jean-Philippe Fortin},
	note = {R package version 0.0.9999},
	title = {BSgenome.Hsapiens.UCSC.hg38.dbSNP151.major: Full genome sequences for Homo sapiens (UCSC version hg38, based on GRCh38.p12) with injected major alleles (dbSNP151)},
	year = {2021}}

@manual{bsgenome_minor,
	author = {Jean-Philippe Fortin},
	note = {R package version 0.0.9999},
	title = {BSgenome.Hsapiens.UCSC.hg38.dbSNP151.minor: Full genome sequences for Homo sapiens (UCSC version hg38, based on GRCh38.p12) with injected minor alleles (dbSNP151)},
	year = {2021}}

@manual{reticulate,
	author = {Kevin Ushey and JJ Allaire and Yuan Tang},
	note = {R package version 1.18-9000},
	title = {reticulate: Interface to 'Python'},
	url = {https://github.com/rstudio/reticulate},
	year = {2021},
	bdsk-url-1 = {https://github.com/rstudio/reticulate}}

@manual{basilisk,
	author = {Aaron Lun},
	note = {R package version 1.3.5},
	title = {basilisk: Freezing Python Dependencies Inside Bioconductor Packages},
	year = {2021}}

@article{enpamgb,
	author = {DeWeirdt, Peter C and Sanson, Kendall R and Sangree, Annabel K and Hegde, Mudra and Hanna, Ruth E and Feeley, Marissa N and Griffith, Audrey L and Teng, Teng and Borys, Samantha M and Strand, Christine and others},
	journal = {Nature Biotechnology},
	pages = {1--11},
	publisher = {Nature Publishing Group},
	title = {Optimization of AsCas12a for combinatorial genetic screens in human cells},
	year = {2020}}

@article{langmead2009bowtie,
	abstract = {Bowtie is an ultrafast, memory-efficient alignment program for aligning short DNA sequence reads to large genomes. For the human genome, Burrows-Wheeler indexing allows Bowtie to align more than 25 million reads per CPU hour with a memory footprint of approximately 1.3 gigabytes. Bowtie extends previous Burrows-Wheeler techniques with a novel quality-aware backtracking algorithm that permits mismatches. Multiple processor cores can be used simultaneously to achieve even greater alignment speeds. Bowtie is open source http://bowtie.cbcb.umd.edu.},
	author = {Langmead, Ben and Trapnell, Cole and Pop, Mihai and Salzberg, Steven L.},
	da = {2009/03/04},
	doi = {10.1186/gb-2009-10-3-r25},
	id = {Langmead2009},
	isbn = {1474-760X},
	journal = {Genome Biology},
	number = {3},
	pages = {R25},
	title = {Ultrafast and memory-efficient alignment of short DNA sequences to the human genome},
	ty = {JOUR},
	url = {https://doi.org/10.1186/gb-2009-10-3-r25},
	volume = {10},
	year = {2009},
	bdsk-url-1 = {https://doi.org/10.1186/gb-2009-10-3-r25}}

@article{lindel,
	author = {Chen, Wei and McKenna, Aaron and Schreiber, Jacob and Haeussler, Maximilian and Yin, Yi and Agarwal, Vikram and Noble, William Stafford and Shendure, Jay},
	journal = {Nucleic acids research},
	number = {15},
	pages = {7989--8003},
	publisher = {Oxford University Press},
	title = {Massively parallel profiling and predictive modeling of the outcomes of CRISPR/Cas9-mediated double-strand break repair},
	volume = {47},
	year = {2019}}

@article{azimuth,
	author = {Doench, John G and Fusi, Nicolo and Sullender, Meagan and Hegde, Mudra and Vaimberg, Emma W and Donovan, Katherine F and Smith, Ian and Tothova, Zuzana and Wilen, Craig and Orchard, Robert and others},
	journal = {Nature biotechnology},
	number = {2},
	pages = {184},
	publisher = {Nature Publishing Group},
	title = {Optimized sgRNA design to maximize activity and minimize off-target effects of CRISPR-Cas9},
	volume = {34},
	year = {2016}}

@article{deepcas9,
	author = {Wang, Daqi and Zhang, Chengdong and Wang, Bei and Li, Bin and Wang, Qiang and Liu, Dong and Wang, Hongyan and Zhou, Yan and Shi, Leming and Lan, Feng and others},
	journal = {Nature communications},
	number = {1},
	pages = {1--14},
	publisher = {Nature Publishing Group},
	title = {Optimized CRISPR guide RNA design for two high-fidelity Cas9 variants by deep learning},
	volume = {10},
	year = {2019}}

@article{deepcpf1,
	author = {Kim, Hui Kwon and Min, Seonwoo and Song, Myungjae and Jung, Soobin and Choi, Jae Woo and Kim, Younggwang and Lee, Sangeun and Yoon, Sungroh and Kim, Hyongbum Henry},
	journal = {Nature biotechnology},
	number = {3},
	pages = {239},
	publisher = {Nature Publishing Group},
	title = {Deep learning improves prediction of CRISPR--Cpf1 guide RNA activity},
	volume = {36},
	year = {2018}}

@article{perturbseq,
	author = {Adamson, Britt and Norman, Thomas M and Jost, Marco and Cho, Min Y and Nu{\~n}ez, James K and Chen, Yuwen and Villalta, Jacqueline E and Gilbert, Luke A and Horlbeck, Max A and Hein, Marco Y and others},
	journal = {Cell},
	number = {7},
	pages = {1867--1882},
	publisher = {Elsevier},
	title = {A multiplexed single-cell CRISPR screening platform enables systematic dissection of the unfolded protein response},
	volume = {167},
	year = {2016}}

@article{cropseq,
	author = {Datlinger, Paul and Rendeiro, Andr{\'e} F and Schmidl, Christian and Krausgruber, Thomas and Traxler, Peter and Klughammer, Johanna and Schuster, Linda C and Kuchler, Amelie and Alpar, Donat and Bock, Christoph},
	journal = {Nature methods},
	number = {3},
	pages = {297},
	publisher = {Nature Publishing Group},
	title = {Pooled CRISPR screening with single-cell transcriptome readout},
	volume = {14},
	year = {2017}}

@article{crispracrisprireview,
	author = {Kampmann, Martin},
	journal = {ACS chemical biology},
	number = {2},
	pages = {406--416},
	publisher = {ACS Publications},
	title = {CRISPRi and CRISPRa screens in mammalian cells for precision biology and medicine},
	volume = {13},
	year = {2018}}

@article{crispri,
	author = {Gilbert, Luke A and Larson, Matthew H and Morsut, Leonardo and Liu, Zairan and Brar, Gloria A and Torres, Sandra E and Stern-Ginossar, Noam and Brandman, Onn and Whitehead, Evan H and Doudna, Jennifer A and others},
	journal = {Cell},
	number = {2},
	pages = {442--451},
	publisher = {Elsevier},
	title = {CRISPR-mediated modular RNA-guided regulation of transcription in eukaryotes},
	volume = {154},
	year = {2013}}

@article{sam,
	author = {Konermann, Silvana and Brigham, Mark D and Trevino, Alexandro E and Joung, Julia and Abudayyeh, Omar O and Barcena, Clea and Hsu, Patrick D and Habib, Naomi and Gootenberg, Jonathan S and Nishimasu, Hiroshi and others},
	journal = {Nature},
	number = {7536},
	pages = {583},
	publisher = {Nature Publishing Group},
	title = {Genome-scale transcriptional activation by an engineered CRISPR-Cas9 complex},
	volume = {517},
	year = {2015}}

@article{sanson2018optimized,
	author = {Sanson, Kendall R and Hanna, Ruth E and Hegde, Mudra and Donovan, Katherine F and Strand, Christine and Sullender, Meagan E and Vaimberg, Emma W and Goodale, Amy and Root, David E and Piccioni, Federica and others},
	journal = {Nature communications},
	number = {1},
	pages = {1--15},
	publisher = {Nature Publishing Group},
	title = {Optimized libraries for CRISPR-Cas9 genetic screens with multiple modalities},
	volume = {9},
	year = {2018}}

@article{horlbeck2016compact,
	author = {Horlbeck, Max A and Gilbert, Luke A and Villalta, Jacqueline E and Adamson, Britt and Pak, Ryan A and Chen, Yuwen and Fields, Alexander P and Park, Chong Yon and Corn, Jacob E and Kampmann, Martin and others},
	journal = {Elife},
	pages = {e19760},
	publisher = {eLife Sciences Publications Limited},
	title = {Compact and highly active next-generation libraries for CRISPR-mediated gene repression and activation},
	volume = {5},
	year = {2016}}

@article{ceres,
	author = {Meyers, Robin M and Bryan, Jordan G and McFarland, James M and Weir, Barbara A and Sizemore, Ann E and Xu, Han and Dharia, Neekesh V and Montgomery, Phillip G and Cowley, Glenn S and Pantel, Sasha and others},
	journal = {Nature genetics},
	number = {12},
	pages = {1779--1784},
	publisher = {Nature Publishing Group},
	title = {Computational correction of copy number effect improves specificity of CRISPR--Cas9 essentiality screens in cancer cells},
	volume = {49},
	year = {2017}}

@article{score,
	author = {Behan, Fiona M and Iorio, Francesco and Picco, Gabriele and Gon{\c{c}}alves, Emanuel and Beaver, Charlotte M and Migliardi, Giorgia and Santos, Rita and Rao, Yanhua and Sassi, Francesco and Pinnelli, Marika and others},
	journal = {Nature},
	number = {7753},
	pages = {511},
	publisher = {Nature Publishing Group},
	title = {Prioritization of cancer therapeutic targets using CRISPR--Cas9 screens},
	volume = {568},
	year = {2019}}

@article{mit,
	author = {Hsu, Patrick D and Scott, David A and Weinstein, Joshua A and Ran, F Ann and Konermann, Silvana and Agarwala, Vineeta and Li, Yinqing and Fine, Eli J and Wu, Xuebing and Shalem, Ophir and others},
	journal = {Nature biotechnology},
	number = {9},
	pages = {827},
	publisher = {Nature Publishing Group},
	title = {DNA targeting specificity of RNA-guided Cas9 nucleases},
	volume = {31},
	year = {2013}}

@article{fortin2019,
	author = {Fortin, Jean-Philippe and Tan, Jenille and Gascoigne, Karen E and Haverty, Peter M and Forrest, William F and Costa, Michael R and Martin, Scott E},
	journal = {Genome biology},
	number = {1},
	pages = {21},
	publisher = {Springer},
	title = {Multiple-gene targeting and mismatch tolerance can confound analysis of genome-wide pooled CRISPR screens},
	volume = {20},
	year = {2019}}

@article{labun2016chopchop,
	author = {Labun, Kornel and Montague, Tessa G and Gagnon, James A and Thyme, Summer B and Valen, Eivind},
	journal = {Nucleic acids research},
	number = {W1},
	pages = {W272--W276},
	publisher = {Oxford University Press},
	title = {CHOPCHOP v2: a web tool for the next generation of CRISPR genome engineering},
	volume = {44},
	year = {2016}}

@article{hart2015high,
	author = {Hart, Traver and Chandrashekhar, Megha and Aregger, Michael and Steinhart, Zachary and Brown, Kevin R and MacLeod, Graham and Mis, Monika and Zimmermann, Michal and Fradet-Turcotte, Amelie and Sun, Song and others},
	journal = {Cell},
	number = {6},
	pages = {1515--1526},
	publisher = {Elsevier},
	title = {High-resolution CRISPR screens reveal fitness genes and genotype-specific cancer liabilities},
	volume = {163},
	year = {2015}}

@article{smith2017evaluation,
	author = {Smith, Ian and Greenside, Peyton G and Natoli, Ted and Lahr, David L and Wadden, David and Tirosh, Itay and Narayan, Rajiv and Root, David E and Golub, Todd R and Subramanian, Aravind and others},
	journal = {PLoS biology},
	number = {11},
	pages = {e2003213},
	publisher = {Public Library of Science},
	title = {Evaluation of RNAi and CRISPR technologies by large-scale gene expression profiling in the Connectivity Map},
	volume = {15},
	year = {2017}}

@article{rnacrispr1,
	author = {Morgens, David W and Deans, Richard M and Li, Amy and Bassik, Michael C},
	journal = {Nature biotechnology},
	number = {6},
	pages = {634},
	publisher = {Nature Publishing Group},
	title = {Systematic comparison of CRISPR/Cas9 and RNAi screens for essential genes},
	volume = {34},
	year = {2016}}

@article{shakhova2015antagonistic,
	author = {Shakhova, Olga and Cheng, Phil and Mishra, Pravin J and Zingg, Daniel and Schaefer, Simon M and Debbache, Julien and H{\"a}usel, Jessica and Matter, Claudia and Guo, Theresa and Davis, Sean and others},
	journal = {PLoS genetics},
	number = {1},
	pages = {e1004877},
	publisher = {Public Library of Science},
	title = {Antagonistic cross-regulation between Sox9 and Sox10 controls an anti-tumorigenic program in melanoma},
	volume = {11},
	year = {2015}}

@article{canver2017variant,
	author = {Canver, Matthew C and Lessard, Samuel and Pinello, Luca and Wu, Yuxuan and Ilboudo, Yann and Stern, Emily N and Needleman, Austen J and Galact{\'e}ros, Fr{\'e}d{\'e}ric and Brugnara, Carlo and Kutlar, Abdullah and others},
	journal = {Nature genetics},
	number = {4},
	pages = {625},
	publisher = {Nature Publishing Group},
	title = {Variant-aware saturating mutagenesis using multiple Cas9 nucleases identifies regulatory elements at trait-associated loci},
	volume = {49},
	year = {2017}}

@article{wang2018genetic,
	author = {Wang, Guanqun and Du, Meijie and Wang, Jianbin and Zhu, Ting F},
	journal = {Cell discovery},
	number = {1},
	pages = {18},
	publisher = {Nature Publishing Group},
	title = {Genetic variation may confound analysis of CRISPR-Cas9 off-target mutations},
	volume = {4},
	year = {2018}}

@article{lessard2017human,
	author = {Lessard, Samuel and Francioli, Laurent and Alfoldi, Jessica and Tardif, Jean-Claude and Ellinor, Patrick T and MacArthur, Daniel G and Lettre, Guillaume and Orkin, Stuart H and Canver, Matthew C},
	journal = {Proceedings of the National Academy of Sciences},
	pages = {201714640},
	publisher = {National Acad Sciences},
	title = {Human genetic variation alters CRISPR-Cas9 on-and off-targeting specificity at therapeutically implicated loci},
	year = {2017}}

@article{scott2017implications,
	author = {Scott, David A and Zhang, Feng},
	journal = {Nature medicine},
	number = {9},
	pages = {1095},
	publisher = {Nature Publishing Group},
	title = {Implications of human genetic variation in CRISPR-based therapeutic genome editing},
	volume = {23},
	year = {2017}}

@article{hart2017evaluation,
	author = {Hart, Traver and Tong, Amy Hin Yan and Chan, Katie and Van Leeuwen, Jolanda and Seetharaman, Ashwin and Aregger, Michael and Chandrashekhar, Megha and Hustedt, Nicole and Seth, Sahil and Noonan, Avery and others},
	journal = {G3: Genes, Genomes, Genetics},
	pages = {g3--117},
	publisher = {G3: Genes, Genomes, Genetics},
	title = {Evaluation and design of genome-wide CRISPR/SpCas9 knockout screens},
	year = {2017}}

@article{brunelloDataNew,
	author = {Manzano, Mark and Patil, Ajinkya and Waldrop, Alexander and Dave, Sandeep S and Behdad, Amir and Gottwein, Eva},
	journal = {Nature communications},
	number = {1},
	pages = {3263},
	publisher = {Nature Publishing Group},
	title = {Gene essentiality landscape and druggable oncogenic dependencies in herpesviral primary effusion lymphoma},
	volume = {9},
	year = {2018}}

@article{brunelloDataOld,
	author = {Ong, Swee Hoe and Li, Yilong and Koike-Yusa, Hiroko and Yusa, Kosuke},
	journal = {Scientific reports},
	number = {1},
	pages = {7384},
	publisher = {Nature Publishing Group},
	title = {Optimised metrics for CRISPR-KO screens with second-generation gRNA libraries},
	volume = {7},
	year = {2017}}

@article{korn2008integrated,
	author = {Korn, Joshua M and Kuruvilla, Finny G and McCarroll, Steven A and Wysoker, Alec and Nemesh, James and Cawley, Simon and Hubbell, Earl and Veitch, Jim and Collins, Patrick J and Darvishi, Katayoon and others},
	journal = {Nature genetics},
	number = {10},
	pages = {1253},
	publisher = {Nature Publishing Group},
	title = {Integrated genotype calling and association analysis of SNPs, common copy number polymorphisms and rare CNVs},
	volume = {40},
	year = {2008}}

@article{geckolib,
	author = {Sanjana, Neville E and Shalem, Ophir and Zhang, Feng},
	journal = {Nature methods},
	number = {8},
	pages = {783},
	publisher = {Nature Publishing Group},
	title = {Improved vectors and genome-wide libraries for CRISPR screening},
	volume = {11},
	year = {2014}}

@article{ataris,
	author = {Shao, Diane D and Tsherniak, Aviad and Gopal, Shuba and Weir, Barbara A and Tamayo, Pablo and Stransky, Nicolas and Schumacher, Steven E and Zack, Travis I and Beroukhim, Rameen and Garraway, Levi A and others},
	journal = {Genome research},
	number = {4},
	pages = {665--678},
	publisher = {Cold Spring Harbor Lab},
	title = {ATARiS: computational quantification of gene suppression phenotypes from multisample RNAi screens},
	volume = {23},
	year = {2013}}

@article{perez2009understanding,
	author = {P{\'e}rez-P{\'e}rez, Jos{\'e} Manuel and Candela, H{\'e}ctor and Micol, Jos{\'e} Luis},
	journal = {Trends in genetics},
	number = {8},
	pages = {368--376},
	publisher = {Elsevier},
	title = {Understanding synergy in genetic interactions},
	volume = {25},
	year = {2009}}

@article{jonckheere1954distribution,
	author = {Jonckheere, Aimable Robert},
	journal = {Biometrika},
	number = {1/2},
	pages = {133--145},
	publisher = {JSTOR},
	title = {A distribution-free k-sample test against ordered alternatives},
	volume = {41},
	year = {1954}}

@article{terpstra1952asymptotic,
	author = {Terpstra, Teunis J},
	journal = {Indagations Math.},
	pages = {327--333},
	title = {The asymptotic normality and consistency of Kendall's test against trend, when ties are present in one ranking},
	volume = {14},
	year = {1952}}

@article{liu2015tp53,
	author = {Liu, Yunhua and Zhang, Xinna and Han, Cecil and Wan, Guohui and Huang, Xingxu and Ivan, Cristina and Jiang, Dahai and Rodriguez-Aguayo, Cristian and Lopez-Berestein, Gabriel and Rao, Pulivarthi H and others},
	journal = {Nature},
	number = {7549},
	pages = {697},
	publisher = {Nature Publishing Group},
	title = {TP53 loss creates therapeutic vulnerability in colorectal cancer},
	volume = {520},
	year = {2015}}

@article{mi2016panther,
	author = {Mi, Huaiyu and Huang, Xiaosong and Muruganujan, Anushya and Tang, Haiming and Mills, Caitlin and Kang, Diane and Thomas, Paul D},
	journal = {Nucleic acids research},
	number = {D1},
	pages = {D183--D189},
	publisher = {Oxford University Press},
	title = {PANTHER version 11: expanded annotation data from Gene Ontology and Reactome pathways, and data analysis tool enhancements},
	volume = {45},
	year = {2016}}

@article{januario2017prc2,
	author = {Januario, Thomas and Ye, Xiaofen and Bainer, Russell and Alicke, Bruno and Smith, Tunde and Haley, Benjamin and Modrusan, Zora and Gould, Stephen and Yauch, Robert L},
	journal = {Proceedings of the National Academy of Sciences},
	number = {46},
	pages = {12249--12254},
	publisher = {National Acad Sciences},
	title = {PRC2-mediated repression of SMARCA2 predicts EZH2 inhibitor activity in SWI/SNF mutant tumors},
	volume = {114},
	year = {2017}}

@article{hoffman2014functional,
	author = {Hoffman, Gregory R and Rahal, Rami and Buxton, Frank and Xiang, Kay and McAllister, Gregory and Frias, Elizabeth and Bagdasarian, Linda and Huber, Janina and Lindeman, Alicia and Chen, Dongshu and others},
	journal = {Proceedings of the National Academy of Sciences},
	number = {8},
	pages = {3128--3133},
	publisher = {National Acad Sciences},
	title = {Functional epigenetics approach identifies BRM/SMARCA2 as a critical synthetic lethal target in BRG1-deficient cancers},
	volume = {111},
	year = {2014}}

@article{dey2017genomic,
	author = {Dey, Prasenjit and Baddour, Joelle and Muller, Florian and Wu, Chia Chin and Wang, Huamin and Liao, Wen-Ting and Lan, Zangdao and Chen, Alina and Gutschner, Tony and Kang, Yaan and others},
	journal = {Nature},
	number = {7639},
	pages = {119},
	publisher = {Nature Publishing Group},
	title = {Genomic deletion of malic enzyme 2 confers collateral lethality in pancreatic cancer},
	volume = {542},
	year = {2017}}

@article{muller2012passenger,
	author = {Muller, Florian L and Colla, Simona and Aquilanti, Elisa and Manzo, Veronica E and Genovese, Giannicola and Lee, Jaclyn and Eisenson, Daniel and Narurkar, Rujuta and Deng, Pingna and Nezi, Luigi and others},
	journal = {Nature},
	number = {7411},
	pages = {337},
	publisher = {Nature Publishing Group},
	title = {Passenger deletions generate therapeutic vulnerabilities in cancer},
	volume = {488},
	year = {2012}}

@article{fu2014improving,
	author = {Fu, Yanfang and Sander, Jeffry D and Reyon, Deepak and Cascio, Vincent M and Joung, J Keith},
	journal = {Nature biotechnology},
	number = {3},
	pages = {279},
	publisher = {Nature Publishing Group},
	title = {Improving CRISPR-Cas nuclease specificity using truncated guide RNAs},
	volume = {32},
	year = {2014}}

@article{kim2015digenome,
	author = {Kim, Daesik and Bae, Sangsu and Park, Jeongbin and Kim, Eunji and Kim, Seokjoong and Yu, Hye Ryeong and Hwang, Jinha and Kim, Jong-Il and Kim, Jin-Soo},
	journal = {Nature methods},
	number = {3},
	pages = {237},
	publisher = {Nature Publishing Group},
	title = {Digenome-seq: genome-wide profiling of CRISPR-Cas9 off-target effects in human cells},
	volume = {12},
	year = {2015}}

@article{kim2016genome,
	author = {Kim, Daesik and Kim, Sojung and Kim, Sunghyun and Park, Jeongbin and Kim, Jin-Soo},
	journal = {Genome research},
	number = {3},
	pages = {406--415},
	publisher = {Cold Spring Harbor Lab},
	title = {Genome-wide target specificities of CRISPR-Cas9 nucleases revealed by multiplex Digenome-seq},
	volume = {26},
	year = {2016}}

@article{lin2014crispr,
	author = {Lin, Yanni and Cradick, Thomas J and Brown, Matthew T and Deshmukh, Harshavardhan and Ranjan, Piyush and Sarode, Neha and Wile, Brian M and Vertino, Paula M and Stewart, Frank J and Bao, Gang},
	journal = {Nucleic acids research},
	number = {11},
	pages = {7473--7485},
	publisher = {Oxford University Press},
	title = {CRISPR/Cas9 systems have off-target activity with insertions or deletions between target DNA and guide RNA sequences},
	volume = {42},
	year = {2014}}

@article{o2015genome,
	author = {O'Geen, Henriette and Henry, Isabelle M and Bhakta, Mital S and Meckler, Joshua F and Segal, David J},
	journal = {Nucleic acids research},
	number = {6},
	pages = {3389--3404},
	publisher = {Oxford University Press},
	title = {A genome-wide analysis of Cas9 binding specificity using ChIP-seq and targeted sequence capture},
	volume = {43},
	year = {2015}}

@article{tsai2016defining,
	author = {Tsai, Shengdar Q and Joung, J Keith},
	journal = {Nature Reviews Genetics},
	number = {5},
	pages = {300},
	publisher = {Nature Publishing Group},
	title = {Defining and improving the genome-wide specificities of CRISPR--Cas9 nucleases},
	volume = {17},
	year = {2016}}

@article{tsai2015guide,
	author = {Tsai, Shengdar Q and Zheng, Zongli and Nguyen, Nhu T and Liebers, Matthew and Topkar, Ved V and Thapar, Vishal and Wyvekens, Nicolas and Khayter, Cyd and Iafrate, A John and Le, Long P and others},
	journal = {Nature biotechnology},
	number = {2},
	pages = {187},
	publisher = {Nature Publishing Group},
	title = {GUIDE-seq enables genome-wide profiling of off-target cleavage by CRISPR-Cas nucleases},
	volume = {33},
	year = {2015}}

@article{farmer2005targeting,
	author = {Farmer, Hannah and McCabe, Nuala and Lord, Christopher J and Tutt, Andrew NJ and Johnson, Damian A and Richardson, Tobias B and Santarosa, Manuela and Dillon, Krystyna J and Hickson, Ian and Knights, Charlotte and others},
	journal = {Nature},
	number = {7035},
	pages = {917},
	publisher = {Nature Publishing Group},
	title = {Targeting the DNA repair defect in BRCA mutant cells as a therapeutic strategy},
	volume = {434},
	year = {2005}}

@article{costanzo2016global,
	author = {Costanzo, Michael and VanderSluis, Benjamin and Koch, Elizabeth N and Baryshnikova, Anastasia and Pons, Carles and Tan, Guihong and Wang, Wen and Usaj, Matej and Hanchard, Julia and Lee, Susan D and others},
	journal = {Science},
	number = {6306},
	pages = {aaf1420},
	publisher = {American Association for the Advancement of Science},
	title = {A global genetic interaction network maps a wiring diagram of cellular function},
	volume = {353},
	year = {2016}}

@article{morgens2016systematic,
	author = {Morgens, David W and Deans, Richard M and Li, Amy and Bassik, Michael C},
	journal = {Nature biotechnology},
	number = {6},
	pages = {634},
	publisher = {Nature Publishing Group},
	title = {Systematic comparison of CRISPR/Cas9 and RNAi screens for essential genes},
	volume = {34},
	year = {2016}}

@article{doench2016optimized,
	author = {Doench, John G and Fusi, Nicolo and Sullender, Meagan and Hegde, Mudra and Vaimberg, Emma W and Donovan, Katherine F and Smith, Ian and Tothova, Zuzana and Wilen, Craig and Orchard, Robert and others},
	journal = {Nature biotechnology},
	number = {2},
	pages = {184},
	publisher = {Nature Publishing Group},
	title = {Optimized sgRNA design to maximize activity and minimize off-target effects of CRISPR-Cas9},
	volume = {34},
	year = {2016}}

@article{doench2014rational,
	author = {Doench, John G and Hartenian, Ella and Graham, Daniel B and Tothova, Zuzana and Hegde, Mudra and Smith, Ian and Sullender, Meagan and Ebert, Benjamin L and Xavier, Ramnik J and Root, David E},
	journal = {Nature biotechnology},
	number = {12},
	pages = {1262},
	publisher = {Nature Publishing Group},
	title = {Rational design of highly active sgRNAs for CRISPR-Cas9--mediated gene inactivation},
	volume = {32},
	year = {2014}}

@article{cyclops,
	author = {Nijhawan, Deepak and Zack, Travis I and Ren, Yin and Strickland, Matthew R and Lamothe, Rebecca and Schumacher, Steven E and Tsherniak, Aviad and Besche, Henrike C and Rosenbluh, Joseph and Shehata, Shyemaa and others},
	journal = {Cell},
	number = {4},
	pages = {842--854},
	publisher = {Elsevier},
	title = {Cancer vulnerabilities unveiled by genomic loss},
	volume = {150},
	year = {2012}}

@article{upadhyaya1999identification,
	author = {Upadhyaya, Ashok B and Lee, Sang Hyun and DeJong, Jeff},
	journal = {Journal of Biological Chemistry},
	number = {25},
	pages = {18040--18048},
	publisher = {ASBMB},
	title = {Identification of a general transcription factor TFIIA$\alpha$/$\beta$ homolog selectively expressed in testis},
	volume = {274},
	year = {1999}}

@article{munoz2016crispr,
	author = {Munoz, Diana M and Cassiani, Pamela J and Li, Li and Billy, Eric and Korn, Joshua M and Jones, Michael D and Golji, Javad and Ruddy, David A and Yu, Kristine and McAllister, Gregory and others},
	journal = {Cancer discovery},
	number = {8},
	pages = {900--913},
	publisher = {AACR},
	title = {CRISPR screens provide a comprehensive assessment of cancer vulnerabilities but generate false-positive hits for highly amplified genomic regions},
	volume = {6},
	year = {2016}}

@article{wang2015identification,
	author = {Wang, Tim and Birsoy, K{\i}van{\c{c}} and Hughes, Nicholas W and Krupczak, Kevin M and Post, Yorick and Wei, Jenny J and Lander, Eric S and Sabatini, David M},
	journal = {Science},
	number = {6264},
	pages = {1096--1101},
	publisher = {American Association for the Advancement of Science},
	title = {Identification and characterization of essential genes in the human genome},
	volume = {350},
	year = {2015}}

@article{shalem2015high,
	author = {Shalem, Ophir and Sanjana, Neville E and Zhang, Feng},
	journal = {Nature Reviews Genetics},
	number = {5},
	pages = {299},
	publisher = {Nature Publishing Group},
	title = {High-throughput functional genomics using CRISPR--Cas9},
	volume = {16},
	year = {2015}}

@article{morgens2017genome,
	author = {Morgens, David W and Wainberg, Michael and Boyle, Evan A and Ursu, Oana and Araya, Carlos L and Tsui, C Kimberly and Haney, Michael S and Hess, Gaelen T and Han, Kyuho and Jeng, Edwin E and others},
	journal = {Nature communications},
	pages = {15178},
	publisher = {Nature Publishing Group},
	title = {Genome-scale measurement of off-target activity using Cas9 toxicity in high-throughput screens},
	volume = {8},
	year = {2017}}

@article{chen2018improved,
	author = {Chen, Chen-Hao and Xiao, Tengfei and Xu, Han and Jiang, Peng and Meyer, Clifford A and Li, Wei and Brown, Myles and Liu, X Shirley},
	journal = {Bioinformatics},
	title = {Improved design and analysis of CRISPR knockout screens},
	year = {2018}}

@article{fu2013high,
	author = {Fu, Yanfang and Foden, Jennifer A and Khayter, Cyd and Maeder, Morgan L and Reyon, Deepak and Joung, J Keith and Sander, Jeffry D},
	journal = {Nature biotechnology},
	number = {9},
	pages = {822},
	publisher = {Nature Publishing Group},
	title = {High-frequency off-target mutagenesis induced by CRISPR-Cas nucleases in human cells},
	volume = {31},
	year = {2013}}

@article{anderson2015systematic,
	author = {Anderson, Emily M and Haupt, Amanda and Schiel, John A and Chou, Eldon and Machado, Hidevaldo B and Strezoska, {\v{Z}}aklina and Lenger, Steve and McClelland, Shawn and Birmingham, Amanda and Vermeulen, Annaleen and others},
	journal = {Journal of biotechnology},
	pages = {56--65},
	publisher = {Elsevier},
	title = {Systematic analysis of CRISPR--Cas9 mismatch tolerance reveals low levels of off-target activity},
	volume = {211},
	year = {2015}}

@article{mcdonald2017project,
	author = {McDonald III, E Robert and De Weck, Antoine and Schlabach, Michael R and Billy, Eric and Mavrakis, Konstantinos J and Hoffman, Gregory R and Belur, Dhiren and Castelletti, Deborah and Frias, Elizabeth and Gampa, Kalyani and others},
	journal = {Cell},
	number = {3},
	pages = {577--592},
	publisher = {Elsevier},
	title = {Project DRIVE: a compendium of cancer dependencies and synthetic lethal relationships uncovered by large-scale, deep RNAi screening},
	volume = {170},
	year = {2017}}

@article{cowley2014parallel,
	author = {Cowley, Glenn S and Weir, Barbara A and Vazquez, Francisca and Tamayo, Pablo and Scott, Justine A and Rusin, Scott and East-Seletsky, Alexandra and Ali, Levi D and Gerath, William FJ and Pantel, Sarah E and others},
	journal = {Scientific data},
	pages = {140035},
	publisher = {Nature Publishing Group},
	title = {Parallel genome-scale loss of function screens in 216 cancer cell lines for the identification of context-specific genetic dependencies},
	volume = {1},
	year = {2014}}

@article{aguirre2016genomic,
	author = {Aguirre, Andrew J and Meyers, Robin M and Weir, Barbara A and Vazquez, Francisca and Zhang, Cheng-Zhong and Ben-David, Uri and Cook, April and Ha, Gavin and Harrington, William F and Doshi, Mihir B and others},
	journal = {Cancer discovery},
	number = {8},
	pages = {914--929},
	publisher = {AACR},
	title = {Genomic copy number dictates a gene-independent cell response to CRISPR/Cas9 targeting},
	volume = {6},
	year = {2016}}

@article{qn,
	author = {Bolstad, Benjamin M and Irizarry, Rafael A and {\AA}strand, Magnus and Speed, Terence P.},
	journal = {Bioinformatics},
	number = {2},
	pages = {185--193},
	publisher = {Oxford University Press},
	title = {A comparison of normalization methods for high density oligonucleotide array data based on variance and bias},
	volume = {19},
	year = {2003}}

@article{park2011myosin,
	author = {Park, Inju and Han, Cecil and Jin, Sora and Lee, Boyeon and Choi, Heejin and Kwon, Jun Tae and Kim, Dongwook and Kim, Jihye and Lifirsu, Ekaterina and Park, Woo Jin and others},
	journal = {Biochemical Journal},
	number = {1},
	pages = {171--180},
	publisher = {Portland Press Limited},
	title = {Myosin regulatory light chains are required to maintain the stability of myosin II and cellular integrity},
	volume = {434},
	year = {2011}}

@article{dependencymap,
	author = {Tsherniak, Aviad and Vazquez, Francisca and Montgomery, Phil G and Weir, Barbara A and Kryukov, Gregory and Cowley, Glenn S and Gill, Stanley and Harrington, William F and Pantel, Sasha and Krill-Burger, John M and others},
	journal = {Cell},
	number = {3},
	pages = {564--576},
	publisher = {Elsevier},
	title = {Defining a cancer dependency map},
	volume = {170},
	year = {2017}}

@article{gencode,
	author = {Harrow, Jennifer and Frankish, Adam and Gonzalez, Jose M and Tapanari, Electra and Diekhans, Mark and Kokocinski, Felix and Aken, Bronwen L and Barrell, Daniel and Zadissa, Amonida and Searle, Stephen and others},
	journal = {Genome research},
	number = {9},
	pages = {1760--1774},
	publisher = {Cold Spring Harbor Lab},
	title = {GENCODE: the reference human genome annotation for The ENCODE Project},
	volume = {22},
	year = {2012}}

@article{bsgenome,
	author = {Pag{\`e}s, H},
	journal = {R package},
	title = {BSgenome: Infrastructure for Biostrings-based genome data packages and support for efficient SNP representation},
	year = {2016}}

@article{cadinu2014comparative,
	author = {Cadinu, Daniela and Hooda, Jagmohan and Alam, Md Maksudul and Balamurugan, Parimaladevi and Henke, Robert M and Zhang, Li},
	journal = {EuPA Open Proteomics},
	pages = {1--12},
	publisher = {Elsevier},
	title = {Comparative proteomic analysis reveals characteristic molecular changes accompanying the transformation of nonmalignant to cancer lung cells},
	volume = {3},
	year = {2014}}

@article{bowtie,
	author = {Langmead, Ben and Trapnell, Cole and Pop, Mihai and Salzberg, Steven L},
	journal = {Genome biology},
	number = {3},
	pages = {R25},
	publisher = {BioMed Central},
	title = {Ultrafast and memory-efficient alignment of short DNA sequences to the human genome},
	volume = {10},
	year = {2009}}

@article{carpools,
	author = {Winter, Jan and Breinig, Marco and Heigwer, Florian and Br{\"u}gemann, Dirk and Leible, Svenja and Pelz, Oliver and Zhan, Tianzuo and Boutros, Michael},
	journal = {Bioinformatics},
	number = {4},
	pages = {632--634},
	publisher = {Oxford University Press},
	title = {caRpools: an R package for exploratory data analysis and documentation of pooled CRISPR/Cas9 screens},
	volume = {32},
	year = {2015}}

@article{limma,
	author = {Smyth, Gordon K},
	journal = {Statistical applications in genetics and molecular biology},
	number = {1},
	pages = {1--25},
	title = {Linear models and empirical bayes methods for assessing differential expression in microarray experiments},
	volume = {3},
	year = {2004}}

@article{limma2,
	author = {Ritchie, Matthew E and Phipson, Belinda and Wu, Di and Hu, Yifang and Law, Charity W and Shi, Wei and Smyth, Gordon K},
	journal = {Nucleic acids research},
	number = {7},
	pages = {e47--e47},
	publisher = {Oxford University Press},
	title = {limma powers differential expression analyses for RNA-sequencing and microarray studies},
	volume = {43},
	year = {2015}}

@article{maksimovic2016cross,
	author = {Maksimovic, Jovana and Phipson, Belinda and Oshlack, Alicia},
	journal = {F1000Research},
	publisher = {Faculty of 1000 Ltd},
	title = {A cross-package Bioconductor workflow for analysing methylation array data},
	volume = {5},
	year = {2016}}

@article{kammers2015detecting,
	author = {Kammers, Kai and Cole, Robert N and Tiengwe, Calvin and Ruczinski, Ingo},
	journal = {EuPA open proteomics},
	pages = {11--19},
	publisher = {Elsevier},
	title = {Detecting significant changes in protein abundance},
	volume = {7},
	year = {2015}}

@article{myint2017linear,
	author = {Myint, Leslie and Avramopoulos, Dimitrios G and Goff, Loyal A and Hansen, Kasper D},
	journal = {bioRxiv},
	pages = {196394},
	publisher = {Cold Spring Harbor Laboratory},
	title = {Linear models enable powerful differential activity analysis in massively parallel reporter assays},
	year = {2017}}

@article{rra,
	author = {Kolde, Raivo and Laur, Sven and Adler, Priit and Vilo, Jaak},
	journal = {Bioinformatics},
	number = {4},
	pages = {573--580},
	publisher = {Oxford University Press},
	title = {Robust rank aggregation for gene list integration and meta-analysis},
	volume = {28},
	year = {2012}}

@article{forbes2016cosmic,
	author = {Forbes, Simon A and Beare, David and Boutselakis, Harry and Bamford, Sally and Bindal, Nidhi and Tate, John and Cole, Charlotte G and Ward, Sari and Dawson, Elisabeth and Ponting, Laura and others},
	journal = {Nucleic acids research},
	number = {D1},
	pages = {D777--D783},
	publisher = {Oxford University Press},
	title = {COSMIC: somatic cancer genetics at high-resolution},
	volume = {45},
	year = {2016}}

@article{kumar2017analysis,
	author = {Kumar, M Senthil and Slud, Eric V and Okrah, Kwame and Hicks, Stephanie C and Hannenhalli, Sridhar and Bravo, Hector Corrada},
	journal = {bioRxiv},
	pages = {142851},
	publisher = {Cold Spring Harbor Labs Journals},
	title = {Analysis and correction of compositional bias in sparse sequencing count data},
	year = {2017}}

@article{tmm,
	author = {Robinson, Mark D and Oshlack, Alicia},
	journal = {Genome biology},
	number = {3},
	pages = {R25},
	publisher = {BioMed Central},
	title = {A scaling normalization method for differential expression analysis of RNA-seq data},
	volume = {11},
	year = {2010}}

@article{pachter2011models,
	author = {Pachter, Lior},
	journal = {arXiv preprint arXiv:1104.3889},
	title = {Models for transcript quantification from RNA-Seq},
	year = {2011}}

@article{friedman2012inferring,
	author = {Friedman, Jonathan and Alm, Eric J},
	journal = {PLoS computational biology},
	number = {9},
	pages = {e1002687},
	publisher = {Public Library of Science},
	title = {Inferring correlation networks from genomic survey data},
	volume = {8},
	year = {2012}}

@article{aldex,
	author = {Fernandes, Andrew D and Macklaim, Jean M and Linn, Thomas G and Reid, Gregor and Gloor, Gregory B},
	journal = {PLoS One},
	number = {7},
	pages = {e67019},
	publisher = {Public Library of Science},
	title = {ANOVA-like differential expression (ALDEx) analysis for mixed population RNA-Seq},
	volume = {8},
	year = {2013}}

@article{composition_rna2,
	author = {Niu, Liang and Huang, Weichun and Umbach, David M and Li, Leping},
	journal = {BMC genomics},
	number = {1},
	pages = {862},
	publisher = {BioMed Central},
	title = {IUTA: a tool for effectively detecting differential isoform usage from RNA-Seq data},
	volume = {15},
	year = {2014}}

@article{composition_rna3,
	author = {Fernandes, Andrew D and Reid, Jennifer NS and Macklaim, Jean M and McMurrough, Thomas A and Edgell, David R and Gloor, Gregory B},
	journal = {Microbiome},
	number = {1},
	pages = {15},
	publisher = {BioMed Central},
	title = {Unifying the analysis of high-throughput sequencing datasets: characterizing RNA-seq, 16S rRNA gene sequencing and selective growth experiments by compositional data analysis},
	volume = {2},
	year = {2014}}

@article{riger,
	author = {Luo, Biao and Cheung, Hiu Wing and Subramanian, Aravind and Sharifnia, Tanaz and Okamoto, Michael and Yang, Xiaoping and Hinkle, Greg and Boehm, Jesse S and Beroukhim, Rameen and Weir, Barbara A and others},
	journal = {Proceedings of the National Academy of Sciences},
	number = {51},
	pages = {20380--20385},
	publisher = {National Acad Sciences},
	title = {Highly parallel identification of essential genes in cancer cells},
	volume = {105},
	year = {2008}}

@article{rsa,
	author = {K{\"o}nig, Renate and Chiang, Chih-yuan and Tu, Buu P and Yan, S Frank and DeJesus, Paul D and Romero, Angelica and Bergauer, Tobias and Orth, Anthony and Krueger, Ute and Zhou, Yingyao and others},
	journal = {Nature methods},
	number = {10},
	pages = {847},
	publisher = {Nature Publishing Group},
	title = {A probability-based approach for the analysis of large-scale RNAi screens},
	volume = {4},
	year = {2007}}

@article{aitchison1986statistical,
	author = {Aitchison, John},
	publisher = {Chapman and Hall London},
	title = {The statistical analysis of compositional data},
	year = {1986}}

@article{wang2017gene,
	author = {Wang, Tim and Yu, Haiyan and Hughes, Nicholas W and Liu, Bingxu and Kendirli, Arek and Klein, Klara and Chen, Walter W and Lander, Eric S and Sabatini, David M},
	journal = {Cell},
	number = {5},
	pages = {890--903},
	publisher = {Elsevier},
	title = {Gene essentiality profiling reveals gene networks and synthetic lethal interactions with oncogenic Ras},
	volume = {168},
	year = {2017}}

@article{o2017synthetic,
	author = {O'Neil, Nigel J and Bailey, Melanie L and Hieter, Philip},
	journal = {Nature Reviews Genetics},
	publisher = {Nature Research},
	title = {Synthetic lethality and cancer},
	year = {2017}}

@article{funnorm,
	author = {Fortin, Jean-Philippe and Labbe, Aur{\'e}lie and Lemire, Mathieu and Zanke, Brent W and Hudson, Thomas J and Fertig, Elana J and Greenwood, Celia MT and Hansen, Kasper D},
	journal = {Genome biology},
	number = {11},
	pages = {503},
	publisher = {BioMed Central},
	title = {Functional normalization of 450k methylation array data improves replication in large cancer studies},
	volume = {15},
	year = {2014}}

@article{liu2015weight,
	author = {Liu, R and Holik, AZ and Su, S and Jansz, N and Chen, K and Leong, HS and Blewitt, ME and Asselin-Labat, ML and Smyth, GK and Ritchie, ME},
	journal = {NAR},
	pages = {e97},
	title = {Why weight? Combining voom with estimates of sample quality improves power in RNA-seq analyses},
	volume = {43},
	year = {2015}}

@article{smyth2005use,
	author = {Smyth, Gordon K and Michaud, Jo{\"e}lle and Scott, Hamish S},
	journal = {Bioinformatics},
	number = {9},
	pages = {2067--2075},
	publisher = {Oxford University Press},
	title = {Use of within-array replicate spots for assessing differential expression in microarray experiments},
	volume = {21},
	year = {2005}}

@article{voom,
	author = {Law, Charity W and Chen, Yunshun and Shi, Wei and Smyth, Gordon K},
	journal = {Genome biology},
	number = {2},
	pages = {R29},
	publisher = {BioMed Central},
	title = {Voom: precision weights unlock linear model analysis tools for RNA-seq read counts},
	volume = {15},
	year = {2014}}

@article{mageck,
	author = {Li, Wei and Xu, Han and Xiao, Tengfei and Cong, Le and Love, Michael I and Zhang, Feng and Irizarry, Rafael A and Liu, Jun S and Brown, Myles and Liu, X Shirley},
	journal = {Genome biology},
	number = {12},
	pages = {554},
	publisher = {BioMed Central},
	title = {MAGeCK enables robust identification of essential genes from genome-scale CRISPR/Cas9 knockout screens},
	volume = {15},
	year = {2014}}

@article{hsu2013dna,
	author = {Hsu, Patrick D and Scott, David A and Weinstein, Joshua A and Ran, F Ann and Konermann, Silvana and Agarwala, Vineeta and Li, Yinqing and Fine, Eli J and Wu, Xuebing and Shalem, Ophir and others},
	journal = {Nature biotechnology},
	number = {9},
	pages = {827},
	publisher = {Nature Publishing Group},
	title = {DNA targeting specificity of RNA-guided Cas9 nucleases},
	volume = {31},
	year = {2013}}

@article{kim2018hierarchical,
	author = {Kim, Eiru and Dede, Merve and Lenoir, Walter F and Wang, Gang and Srinivasan, Sanjana and Colic, Medina and Hart, Traver},
	journal = {bioRxiv},
	pages = {328880},
	publisher = {Cold Spring Harbor Laboratory},
	title = {Hierarchical organization of the human cell from a cancer coessentiality network},
	year = {2018}}

@article{mageckvispr,
	author = {Li, Wei and K{\"o}ster, Johannes and Xu, Han and Chen, Chen-Hao and Xiao, Tengfei and Liu, Jun S and Brown, Myles and Liu, X Shirley},
	journal = {Genome biology},
	number = {1},
	pages = {281},
	publisher = {BioMed Central},
	title = {Quality control, modeling, and visualization of CRISPR screens with MAGeCK-VISPR},
	volume = {16},
	year = {2015}}

@article{xu2015sequence,
	author = {Xu, Han and Xiao, Tengfei and Chen, Chen-Hao and Li, Wei and Meyer, Clifford A and Wu, Qiu and Wu, Di and Cong, Le and Zhang, Feng and Liu, Jun S and others},
	journal = {Genome research},
	number = {8},
	pages = {1147--1157},
	publisher = {Cold Spring Harbor Lab},
	title = {Sequence determinants of improved CRISPR sgRNA design},
	volume = {25},
	year = {2015}}

@article{hart2014,
	author = {Hart, Traver and Brown, Kevin R and Sircoulomb, Fabrice and Rottapel, Robert and Moffat, Jason},
	journal = {Molecular systems biology},
	number = {7},
	pages = {733},
	publisher = {EMBO Press},
	title = {Measuring error rates in genomic perturbation screens: gold standards for human functional genomics},
	volume = {10},
	year = {2014}}

@article{bagel,
	author = {Hart, Traver and Moffat, Jason},
	journal = {BMC bioinformatics},
	number = {1},
	pages = {164},
	publisher = {BioMed Central},
	title = {BAGEL: a computational framework for identifying essential genes from pooled library screens},
	volume = {17},
	year = {2016}}

@article{tsherniak2017defining,
	author = {Tsherniak, Aviad and Vazquez, Francisca and Montgomery, Phil G and Weir, Barbara A and Kryukov, Gregory and Cowley, Glenn S and Gill, Stanley and Harrington, William F and Pantel, Sasha and Krill-Burger, John M and others},
	journal = {Cell},
	number = {3},
	pages = {564--576},
	publisher = {Elsevier},
	title = {Defining a cancer dependency map},
	volume = {170},
	year = {2017}}

@article{rebase,
	author = {Roberts, Richard J and Vincze, Tamas and Posfai, Janos and Macelis, Dana},
	journal = {Nucleic acids research},
	number = {suppl\_1},
	pages = {D234--D236},
	publisher = {Oxford University Press},
	title = {REBASE?a database for DNA restriction and modification: enzymes, genes and genomes},
	volume = {38},
	year = {2010}}

@article{dbsnp,
	author = {Sherry, Stephen T and Ward, Minghong and Sirotkin, Karl},
	journal = {Genome research},
	number = {8},
	pages = {677--679},
	publisher = {Cold Spring Harbor Lab},
	title = {dbSNP?database for single nucleotide polymorphisms and other classes of minor genetic variation},
	volume = {9},
	year = {1999}}

@article{10002010map,
	author = {1000 Genomes Project Consortium and others},
	journal = {Nature},
	number = {7319},
	pages = {1061},
	publisher = {Nature Publishing Group},
	title = {A map of human genome variation from population-scale sequencing},
	volume = {467},
	year = {2010}}

@article{alleleanalyzer,
	author = {Keough, Kathleen C and Lyalina, Svetlana and Olvera, Michael P and Whalen, Sean and Conklin, Bruce R and Pollard, Katherine S},
	journal = {Genome biology},
	number = {1},
	pages = {1--9},
	publisher = {BioMed Central},
	title = {AlleleAnalyzer: a tool for personalized and allele-specific sgRNA design},
	volume = {20},
	year = {2019}}

@article{chen2020snp,
	author = {Chen, Chiao-Lin and Rodiger, Jonathan and Chung, Verena and Viswanatha, Raghuvir and Mohr, Stephanie E and Hu, Yanhui and Perrimon, Norbert},
	journal = {G3: Genes, Genomes, Genetics},
	number = {2},
	pages = {489--494},
	publisher = {Oxford University Press},
	title = {SNP-CRISPR: a web tool for SNP-specific genome editing},
	volume = {10},
	year = {2020}}
